
@misc{li_large-scale_2020,
	title = {A {Large}-{Scale} {CT} and {PET}/{CT} {Dataset} for {Lung} {Cancer} {Diagnosis}},
	copyright = {Creative Commons Attribution 4.0 International},
	url = {https://www.cancerimagingarchive.net/collection/lung-pet-ct-dx/},
	doi = {10.7937/TCIA.2020.NNC2-0461},
	abstract = {This dataset consists of CT and PET-CT DICOM images of lung cancer subjects with XML Annotation files that indicate tumor location with bounding boxes. The images were retrospectively acquired from patients with suspicion of lung cancer, and who underwent standard-of-care lung biopsy and PET/CT. Subjects were grouped according to a tissue histopathological diagnosis. Patients with Names/IDs containing the letter 'A' were diagnosed with Adenocarcinoma, 'B' with Small Cell Carcinoma, 'C' with Large Cell Carcinoma, and 'G' with Squamous Cell Carcinoma.},
	urldate = {2025-04-17},
	publisher = {The Cancer Imaging Archive},
	author = {Li, Ping and Wang, Shuo and Li, Tang and Lu, Jingfeng and HuangFu, Yunxin and Wang, Dongxue},
	year = {2020},
}
